%russian-language literature

%example
@article{ширяев1965некоторые,
	title={Некоторые точные формулы в задаче о {\guillemotleft}разладке{\guillemotright}},
	author={Ширяев, Альберт Николаевич},
	journal={Теория вероятностей и ее применения},
	volume={10},
	number={2},
	pages={380--385},
	year={1965},
	publisher={Российская академия наук, Математический институт им. ВА Стеклова Российской~…}
}