%non-russian-language literature
@article{lorden1971procedures,
	title={Procedures for reacting to a change in distribution},
	author={Lorden, Gary},
	journal={The annals of mathematical statistics},
	pages={1897--1908},
	year={1971},
	publisher={JSTOR}
}

@article{zhang2024self,
	title={Self-supervised learning for time series analysis: Taxonomy, progress, and prospects},
	author={Zhang, Kexin and Wen, Qingsong and Zhang, Chaoli and Cai, Rongyao and Jin, Ming and Liu, Yong and Zhang, James Y and Liang, Yuxuan and Pang, Guansong and Song, Dongjin and others},
	journal={IEEE Transactions on Pattern Analysis and Machine Intelligence},
	year={2024},
	publisher={IEEE}
}